
@article{jacobovitz2016blockchain,
  title={Blockchain for identity management},
  author={Jacobovitz, Ori},
  journal={The Lynne and William Frankel Center for Computer Science Department of Computer Science. Ben-Gurion University, Beer Sheva},
  year={2016}
}

@misc{olnes2017blockchain,
  title={Blockchain in government: Benefits and implications of distributed ledger technology for information sharing},
  author={{\O}lnes, Svein and Ubacht, Jolien and Janssen, Marijn},
  year={2017},
  publisher={Elsevier}
}

@article{sitonio2018impact,
  title={The impact of blockchain on the music industry},
  author={Sitonio, Camila and Nucciarelli, Alberto},
  year={2018},
  publisher={Trento: International Telecommunications Society (ITS)}
}

@misc{wiki:Visual_Studio_Code,
   author = "Wikipedia",
   title = "{Visual Studio Code} --- {W}ikipedia{,} The Free Encyclopedia",
   year = "2020",
   howpublished = {\url{http://en.wikipedia.org/w/index.php?title=Visual\%20Studio\%20Code&oldid=950773435}},
   note = "[Online; accessed 16-April-2020]"
 }
 
@misc{wiki:API_testing,
   author = "Wikipedia",
   title = "{API testing} --- {W}ikipedia{,} The Free Encyclopedia",
   year = "2020",
   howpublished = {\url{http://en.wikipedia.org/w/index.php?title=API\%20testing&oldid=936778234}},
   note = "[Online; accessed 16-April-2020]"
 }

@online{python,
  author = {Wikipedia},
  title = {{pythonprogramminglanguage} Kernel Description},
  year = 2020,
  url = {https://en.wikipedia.org/wiki/Python_(programming_language)},
  urldate = {2020-03-30}
}

@misc{wiki:Vue.js,
   author = "Wikipedia",
   title = "{Vue.js} --- {W}ikipedia{,} The Free Encyclopedia",
   year = "2020",
   howpublished = {\url{http://en.wikipedia.org/w/index.php?title=Vue.js&oldid=949839368}},
   note = "[Online; accessed 17-April-2020]"
 }
 
@misc{axios,
  author = {Remco Haszing},
  title = {axios},
  year = {2020},
  publisher = {GitHub},
  journal = {GitHub repository},
  howpublished = {\url{https://github.com/axios/axios}},
}

@inproceedings{tasatanattakool2018blockchain,
  title={Blockchain: Challenges and applications},
  author={Tasatanattakool, Pinyaphat and Techapanupreeda, Chian},
  booktitle={2018 International Conference on Information Networking (ICOIN)},
  pages={473--475},
  year={2018},
  organization={IEEE}
}

@article{choecreating,
  title={CREATING ACryptoecosystem},
  author={Choe, Myongsu}
}

@inproceedings{tama2017critical,
  title={A critical review of blockchain and its current applications},
  author={Tama, Bayu Adhi and Kweka, Bruno Joachim and Park, Youngho and Rhee, Kyung-Hyune},
  booktitle={2017 International Conference on Electrical Engineering and Computer Science (ICECOS)},
  pages={109--113},
  year={2017},
  organization={IEEE}
}

@misc{rykwalder_2014,
title={The Math Behind Bitcoin},
url={https://www.coindesk.com/math-behind-bitcoin}, journal={CoinDesk}, publisher={CoinDesk}, author={Rykwalder, Eric}, year={2014}, month={Oct}}
